<?xml version="1.0" encoding="UTF-8"?>
  <record xmlns="http://www.loc.gov/MARC21/slim" type="Authority">
    <leader>00000nz  a2200000oc 4500</leader>
    <controlfield tag="001">130266604</controlfield>
    <controlfield tag="003">DE-101</controlfield>
    <controlfield tag="005">20210414150156.0</controlfield>
    <controlfield tag="008">050812n||aznnnaabn           | aaa    |c</controlfield>
    <datafield tag="024" ind1="7" ind2=" ">
      <subfield code="a">130266604</subfield>
      <subfield code="0">http://d-nb.info/gnd/130266604</subfield>
      <subfield code="2">gnd</subfield>
    </datafield>
    <datafield tag="035" ind1=" " ind2=" ">
      <subfield code="a">(DE-101)130266604</subfield>
    </datafield>
    <datafield tag="035" ind1=" " ind2=" ">
      <subfield code="a">(DE-588)130266604</subfield>
    </datafield>
    <datafield tag="035" ind1=" " ind2=" ">
      <subfield code="z">(DE-588)1090294859</subfield>
    </datafield>
    <datafield tag="035" ind1=" " ind2=" ">
      <subfield code="z">(DE-588)133457907</subfield>
    </datafield>
    <datafield tag="035" ind1=" " ind2=" ">
      <subfield code="z">(DE-588a)133457907</subfield>
      <subfield code="9">v:zg</subfield>
    </datafield>
    <datafield tag="035" ind1=" " ind2=" ">
      <subfield code="z">(DE-588a)130266604</subfield>
      <subfield code="9">v:zg</subfield>
    </datafield>
    <datafield tag="040" ind1=" " ind2=" ">
      <subfield code="a">DE-547</subfield>
      <subfield code="c">DE-547</subfield>
      <subfield code="9">r:DE-601</subfield>
      <subfield code="b">ger</subfield>
      <subfield code="d">2214</subfield>
    </datafield>
    <datafield tag="042" ind1=" " ind2=" ">
      <subfield code="a">gnd3</subfield>
    </datafield>
    <datafield tag="043" ind1=" " ind2=" ">
      <subfield code="c">XA-DE</subfield>
    </datafield>
    <datafield tag="075" ind1=" " ind2=" ">
      <subfield code="b">p</subfield>
      <subfield code="2">gndgen</subfield>
    </datafield>
    <datafield tag="075" ind1=" " ind2=" ">
      <subfield code="b">piz</subfield>
      <subfield code="2">gndspec</subfield>
    </datafield>
    <datafield tag="079" ind1=" " ind2=" ">
      <subfield code="a">g</subfield>
      <subfield code="q">a</subfield>
      <subfield code="q">f</subfield>
    </datafield>
    <datafield tag="100" ind1="1" ind2=" ">
      <subfield code="a">Dahlen, Adam</subfield>
      <subfield code="d">1610-1681</subfield>
    </datafield>
    <datafield tag="375" ind1=" " ind2=" ">
      <subfield code="a">1</subfield>
      <subfield code="2">iso5218</subfield>
    </datafield>
    <datafield tag="400" ind1="1" ind2=" ">
      <subfield code="a">Dhalenus, Adamus</subfield>
      <subfield code="d">1610-1681</subfield>
    </datafield>
    <datafield tag="400" ind1="1" ind2=" ">
      <subfield code="a">Dahl, Adam</subfield>
      <subfield code="d">1610-1681</subfield>
    </datafield>
    <datafield tag="400" ind1="1" ind2=" ">
      <subfield code="a">Dhalen, Adam</subfield>
      <subfield code="d">1610-1681</subfield>
    </datafield>
    <datafield tag="400" ind1="1" ind2=" ">
      <subfield code="a">Dhalen, Adamus</subfield>
      <subfield code="d">1610-1681</subfield>
    </datafield>
    <datafield tag="400" ind1="1" ind2=" ">
      <subfield code="a">Dahlen, Adamus</subfield>
      <subfield code="d">1610-1681</subfield>
    </datafield>
    <datafield tag="400" ind1="0" ind2=" ">
      <subfield code="a">Adam</subfield>
      <subfield code="c">Erfurt, Abt</subfield>
      <subfield code="d">1610-1681</subfield>
    </datafield>
    <datafield tag="400" ind1="0" ind2=" ">
      <subfield code="a">Adamus</subfield>
      <subfield code="c">Erfordia, Abbas</subfield>
      <subfield code="d">1610-1681</subfield>
    </datafield>
    <datafield tag="400" ind1="0" ind2=" ">
      <subfield code="a">Adam</subfield>
      <subfield code="c">Werden, Prior</subfield>
      <subfield code="d">1610-1681</subfield>
    </datafield>
    <datafield tag="400" ind1="0" ind2=" ">
      <subfield code="a">Adam</subfield>
      <subfield code="c">Helmstedt, Prior</subfield>
      <subfield code="d">1610-1681</subfield>
    </datafield>
    <datafield tag="400" ind1="0" ind2=" ">
      <subfield code="a">Adamus</subfield>
      <subfield code="c">Abbas</subfield>
      <subfield code="d">1610-1681</subfield>
    </datafield>
    <datafield tag="400" ind1="0" ind2=" ">
      <subfield code="a">Adamus</subfield>
      <subfield code="d">1610-1681</subfield>
    </datafield>
    <datafield tag="400" ind1="0" ind2=" ">
      <subfield code="a">Adamus</subfield>
      <subfield code="c">Bursfelde, Abt</subfield>
      <subfield code="d">1610-1681</subfield>
      <subfield code="9">v:sachlich nicht korrekt</subfield>
    </datafield>
    <datafield tag="400" ind1="0" ind2=" ">
      <subfield code="a">Adam</subfield>
      <subfield code="c">Bursfeld, Abt</subfield>
      <subfield code="d">1610-1681</subfield>
    </datafield>
    <datafield tag="400" ind1="0" ind2=" ">
      <subfield code="a">Adamus</subfield>
      <subfield code="c">Bursfeldia, Abbas</subfield>
      <subfield code="d">1610-1681</subfield>
    </datafield>
    <datafield tag="400" ind1="0" ind2=" ">
      <subfield code="a">Adamus</subfield>
      <subfield code="c">Archidiakon, Mainz</subfield>
      <subfield code="d">1610-1681</subfield>
      <subfield code="9">v:sachlich nicht korrekt</subfield>
    </datafield>
    <datafield tag="400" ind1="0" ind2=" ">
      <subfield code="a">Adamus</subfield>
      <subfield code="c">Zell, Dominus</subfield>
      <subfield code="d">1610-1681</subfield>
    </datafield>
    <datafield tag="400" ind1="0" ind2=" ">
      <subfield code="a">Adamus</subfield>
      <subfield code="c">Dominus, Zell</subfield>
      <subfield code="d">1610-1681</subfield>
    </datafield>
    <datafield tag="400" ind1="0" ind2=" ">
      <subfield code="a">Adamus</subfield>
      <subfield code="c">Zella, Präpositus</subfield>
      <subfield code="d">1610-1681</subfield>
    </datafield>
    <datafield tag="510" ind1="2" ind2=" ">
      <subfield code="0">(DE-101)000258806</subfield>
      <subfield code="0">(DE-588)25880-5</subfield>
      <subfield code="0">https://d-nb.info/gnd/25880-5</subfield>
      <subfield code="a">Benediktiner</subfield>
      <subfield code="4">affi</subfield>
      <subfield code="4">https://d-nb.info/standards/elementset/gnd#affiliation</subfield>
      <subfield code="w">r</subfield>
      <subfield code="i">Affiliation</subfield>
      <subfield code="e">Affiliation</subfield>
    </datafield>
    <datafield tag="510" ind1="2" ind2=" ">
      <subfield code="0">(DE-101)00489331X</subfield>
      <subfield code="0">(DE-588)2033290-7</subfield>
      <subfield code="0">https://d-nb.info/gnd/2033290-7</subfield>
      <subfield code="a">Benediktiner</subfield>
      <subfield code="b">Bursfelder Kongregation</subfield>
      <subfield code="4">affi</subfield>
      <subfield code="4">https://d-nb.info/standards/elementset/gnd#affiliation</subfield>
      <subfield code="w">r</subfield>
      <subfield code="i">Affiliation</subfield>
      <subfield code="e">Affiliation</subfield>
    </datafield>
    <datafield tag="548" ind1=" " ind2=" ">
      <subfield code="a">1610-1681</subfield>
      <subfield code="4">datl</subfield>
      <subfield code="4">https://d-nb.info/standards/elementset/gnd#dateOfBirthAndDeath</subfield>
      <subfield code="w">r</subfield>
      <subfield code="i">Lebensdaten</subfield>
    </datafield>
    <datafield tag="548" ind1=" " ind2=" ">
      <subfield code="a">-10.12.1681</subfield>
      <subfield code="4">datx</subfield>
      <subfield code="4">https://d-nb.info/standards/elementset/gnd#dateOfDeath</subfield>
      <subfield code="w">r</subfield>
      <subfield code="i">Exakte Lebensdaten</subfield>
    </datafield>
    <datafield tag="550" ind1=" " ind2=" ">
      <subfield code="0">(DE-101)040399028</subfield>
      <subfield code="0">(DE-588)4039902-3</subfield>
      <subfield code="0">https://d-nb.info/gnd/4039902-3</subfield>
      <subfield code="a">Mönch</subfield>
      <subfield code="4">berc</subfield>
      <subfield code="4">https://d-nb.info/standards/elementset/gnd#professionOrOccupation</subfield>
      <subfield code="w">r</subfield>
      <subfield code="i">Charakteristischer Beruf</subfield>
    </datafield>
    <datafield tag="550" ind1=" " ind2=" ">
      <subfield code="0">(DE-101)04030020X</subfield>
      <subfield code="0">(DE-588)4030020-1</subfield>
      <subfield code="0">https://d-nb.info/gnd/4030020-1</subfield>
      <subfield code="a">Katholischer Theologe</subfield>
      <subfield code="4">beru</subfield>
      <subfield code="4">https://d-nb.info/standards/elementset/gnd#professionOrOccupation</subfield>
      <subfield code="w">r</subfield>
      <subfield code="i">Beruf</subfield>
    </datafield>
    <datafield tag="550" ind1=" " ind2=" ">
      <subfield code="0">(DE-101)04000273X</subfield>
      <subfield code="0">(DE-588)4000273-1</subfield>
      <subfield code="0">https://d-nb.info/gnd/4000273-1</subfield>
      <subfield code="a">Abt</subfield>
      <subfield code="4">beru</subfield>
      <subfield code="4">https://d-nb.info/standards/elementset/gnd#professionOrOccupation</subfield>
      <subfield code="w">r</subfield>
      <subfield code="i">Beruf</subfield>
    </datafield>
    <datafield tag="550" ind1=" " ind2=" ">
      <subfield code="0">(DE-101)042685567</subfield>
      <subfield code="0">(DE-588)4268556-4</subfield>
      <subfield code="0">https://d-nb.info/gnd/4268556-4</subfield>
      <subfield code="a">Prior</subfield>
      <subfield code="4">beru</subfield>
      <subfield code="4">https://d-nb.info/standards/elementset/gnd#professionOrOccupation</subfield>
      <subfield code="w">r</subfield>
      <subfield code="i">Beruf</subfield>
    </datafield>
    <datafield tag="550" ind1=" " ind2=" ">
      <subfield code="0">(DE-101)040252434</subfield>
      <subfield code="0">(DE-588)4025243-7</subfield>
      <subfield code="0">https://d-nb.info/gnd/4025243-7</subfield>
      <subfield code="a">Hochschullehrer</subfield>
      <subfield code="4">beru</subfield>
      <subfield code="4">https://d-nb.info/standards/elementset/gnd#professionOrOccupation</subfield>
      <subfield code="w">r</subfield>
      <subfield code="i">Beruf</subfield>
    </datafield>
    <datafield tag="551" ind1=" " ind2=" ">
      <subfield code="0">(DE-101)040152405</subfield>
      <subfield code="0">(DE-588)4015240-6</subfield>
      <subfield code="0">https://d-nb.info/gnd/4015240-6</subfield>
      <subfield code="a">Erfurt</subfield>
      <subfield code="4">orts</subfield>
      <subfield code="4">https://d-nb.info/standards/elementset/gnd#placeOfDeath</subfield>
      <subfield code="w">r</subfield>
      <subfield code="i">Sterbeort</subfield>
    </datafield>
    <datafield tag="551" ind1=" " ind2=" ">
      <subfield code="0">(DE-101)041942434</subfield>
      <subfield code="0">(DE-588)4194243-7</subfield>
      <subfield code="0">https://d-nb.info/gnd/4194243-7</subfield>
      <subfield code="a">Werden</subfield>
      <subfield code="g">Essen</subfield>
      <subfield code="4">ortw</subfield>
      <subfield code="4">https://d-nb.info/standards/elementset/gnd#placeOfActivity</subfield>
      <subfield code="w">r</subfield>
      <subfield code="i">Wirkungsort</subfield>
    </datafield>
    <datafield tag="551" ind1=" " ind2=" ">
      <subfield code="0">(DE-101)040243443</subfield>
      <subfield code="0">(DE-588)4024344-8</subfield>
      <subfield code="0">https://d-nb.info/gnd/4024344-8</subfield>
      <subfield code="a">Helmstedt</subfield>
      <subfield code="4">ortw</subfield>
      <subfield code="4">https://d-nb.info/standards/elementset/gnd#placeOfActivity</subfield>
      <subfield code="w">r</subfield>
      <subfield code="i">Wirkungsort</subfield>
    </datafield>
    <datafield tag="551" ind1=" " ind2=" ">
      <subfield code="0">(DE-101)040152405</subfield>
      <subfield code="0">(DE-588)4015240-6</subfield>
      <subfield code="0">https://d-nb.info/gnd/4015240-6</subfield>
      <subfield code="a">Erfurt</subfield>
      <subfield code="4">ortw</subfield>
      <subfield code="4">https://d-nb.info/standards/elementset/gnd#placeOfActivity</subfield>
      <subfield code="w">r</subfield>
      <subfield code="i">Wirkungsort</subfield>
    </datafield>
    <datafield tag="667" ind1=" " ind2=" ">
      <subfield code="a">VD-17</subfield>
    </datafield>
    <datafield tag="670" ind1=" " ind2=" ">
      <subfield code="a">Kleineidam, E.: Universitas studii Erffordensis, Bd. IV</subfield>
    </datafield>
    <datafield tag="670" ind1=" " ind2=" ">
      <subfield code="a">Germania Sacra</subfield>
      <subfield code="b">Stand. 11.03.2021</subfield>
      <subfield code="u">http://germania-sacra-datenbank.uni-goettingen.de/index/gsn/020-00503-001</subfield>
    </datafield>
    <datafield tag="672" ind1=" " ind2="0">
      <subfield code="a">Rector Academiae Erffurtinae Adamus Dei Providentia Abbas Regalis Monasterii SS. Apost. Petri Et Pauli Ord. S. Benedicti Archidioecesis Moguntinae, Congregationis Bursfeldensis &amp; Dominus in Zell/ &amp;c. Omnibus Academiae Nostrae Proceribus Et Fautoribus Salutem. - 1675</subfield>
    </datafield>
    <datafield tag="672" ind1=" " ind2="0">
      <subfield code="a">Pollux Et Castor In ... D. Adamo Dhalen, Et D. Nicolao Gouverneur, Cum ille In ... Abbatia SS. Petri Et Pauli Ordinis S. Benedicti Hic Erphordiae 10. Decembr. Anno M.DC.LXXXI. pie obdormiret ... Expressus, &amp; ... Oblatus a Musis Collegii Soc. Jesu Erfurti. - 1682</subfield>
    </datafield>
    <datafield tag="672" ind1=" " ind2="0">
      <subfield code="a">Ilg, Jakob: Iustorum Praemature Morientium Eximia Felicitas. - 1676</subfield>
    </datafield>
    <datafield tag="675" ind1=" " ind2=" ">
      <subfield code="a">WBIS</subfield>
    </datafield>
    <datafield tag="678" ind1=" " ind2=" ">
      <subfield code="b">Deutscher Benediktiner (OSB); Prior in Werden an der Ruhr; Prior der Propstei St. Ludgeri in Helmstedt; 1662-1681 Abt des Erfurter Petersklosters; Prof. der Theologie und 1674-1676 Rektor an der Univ. Erfurt; auch Propst der Propstei Zella (Rhön)</subfield>
    </datafield>
    <datafield tag="913" ind1=" " ind2=" ">
      <subfield code="S">pnd</subfield>
      <subfield code="i">a</subfield>
      <subfield code="a">Dahlen, Adam</subfield>
      <subfield code="0">(DE-588a)130266604</subfield>
    </datafield>
    <datafield tag="913" ind1=" " ind2=" ">
      <subfield code="S">pnd</subfield>
      <subfield code="i">5</subfield>
      <subfield code="a">Adam &lt;Bursfelde, Abt&gt;</subfield>
      <subfield code="0">(DE-588a)133457907</subfield>
    </datafield>
  </record>
